@article{wikiu,
	author = {Contributeurs Wikiversité},
	title = {Introduction à la théorie des nombres/Approximation diophantienne
		et fractions continues},
	month = {april},
	year = {2019},
	url = {https://fr.wikiversity.org/wiki/Introduction_à_la_théorie_des_nombres/Approximation_diophantienne_et_fractions_continues}
}

@book{Laurizten,
	author = {Niels Lauritzen},
	title = {Continued fractions and factoring},
	url = {https://docplayer.net/8973779-Continued-fractions-and-factoring-niels-lauritzen.html}
}

@article{MB,
	ISSN = {00255718, 10886842},
	URL = {http://www.jstor.org/stable/2005475},
	author = {Michael A. Morrison and John Brillhart},
	journal = {Mathematics of Computation},
	number = {129},
	pages = {183--205},
	publisher = {American Mathematical Society},
	title = {A Method of Factoring and the Factorization of $F_7$},
	volume = {29},
	year = {1975}
}
